<record><leader>00000cas a2200000 a 4500</leader><controlfield tag="001">10342139</controlfield><controlfield tag="007">hd afv---baca</controlfield><controlfield tag="008">840126d18461901nyuwr nea     0    0eng c</controlfield><datafield ind1=" " ind2=" " tag="010"><subfield code="a">sf 89090771 </subfield></datafield><datafield ind1=" " ind2=" " tag="040"><subfield code="a">PES</subfield><subfield code="b">eng</subfield><subfield code="c">PES</subfield><subfield code="d">DLC</subfield><subfield code="d">FUG</subfield><subfield code="d">OCL</subfield><subfield code="d">OCLCQ</subfield><subfield code="d">OCLCG</subfield><subfield code="d">CRU</subfield><subfield code="d">OCLCQ</subfield><subfield code="d">OCLCF</subfield><subfield code="d">OCLCO</subfield><subfield code="d">WVU</subfield></datafield><datafield ind1="1" ind2=" " tag="029"><subfield code="a">AU@</subfield><subfield code="b">000011744223</subfield></datafield><datafield ind1=" " ind2=" " tag="042"><subfield code="a">pcc</subfield></datafield><datafield ind1=" " ind2=" " tag="043"><subfield code="a">n-us-ny</subfield></datafield><datafield ind1="0" ind2="0" tag="050"><subfield code="a">Microfilm 01104 no. 1948-1950 AP</subfield></datafield><datafield ind1="1" ind2="4" tag="050"><subfield code="a">AP2</subfield><subfield code="b">.A1 APSII reel 1948-1950</subfield></datafield><datafield ind1=" " ind2=" " tag="092"><subfield code="a">051</subfield><subfield code="b">A51p2</subfield></datafield><datafield ind1="0" ind2=" " tag="130"><subfield code="a">Home journal (New York, N.Y. : 1846)</subfield></datafield><datafield ind1="1" ind2="4" tag="245"><subfield code="a">The home journal</subfield><subfield code="h">[microform].</subfield></datafield><datafield ind1=" " ind2=" " tag="260"><subfield code="a">New-York :</subfield><subfield code="b">Morris &amp; Willis,</subfield><subfield code="c">1846-[1901]</subfield></datafield><datafield ind1=" " ind2=" " tag="300"><subfield code="a">v. ;</subfield><subfield code="c">60 cm.</subfield></datafield><datafield ind1=" " ind2=" " tag="310"><subfield code="a">Weekly</subfield></datafield><datafield ind1="0" ind2=" " tag="362"><subfield code="a">New ser., no. 1 (Nov. 21, 1846)- = whole no. 41-</subfield></datafield><datafield ind1="1" ind2=" " tag="362"><subfield code="a">Ceased with: Mar. 23, 1901.</subfield></datafield><datafield ind1=" " ind2=" " tag="500"><subfield code="a">Editors: G.P. Morris and N.P. Willis.</subfield></datafield><datafield ind1=" " ind2=" " tag="500"><subfield code="a">On film: 1846-51, 1854-56.</subfield></datafield><datafield ind1=" " ind2=" " tag="533"><subfield code="a">Microfilm.</subfield><subfield code="b">Ann Arbor, Mich. :</subfield><subfield code="c">University Microfilms International,</subfield><subfield code="d">1978.</subfield><subfield code="e">3 microfilm reels ; 35 mm.</subfield><subfield code="f">(American periodical series, 1800-1850 ; 1948-1950).</subfield></datafield><datafield ind1=" " ind2="0" tag="651"><subfield code="a">New York (N.Y.)</subfield><subfield code="v">Newspapers.</subfield></datafield><datafield ind1=" " ind2="0" tag="651"><subfield code="a">New York County (N.Y.)</subfield><subfield code="v">Newspapers.</subfield></datafield><datafield ind1=" " ind2="7" tag="651"><subfield code="a">New York (State)</subfield><subfield code="z">New York.</subfield><subfield code="2">fast</subfield><subfield code="0">(OCoLC)fst01204333</subfield></datafield><datafield ind1=" " ind2="7" tag="651"><subfield code="a">New York (State)</subfield><subfield code="z">New York County.</subfield><subfield code="2">fast</subfield><subfield code="0">(OCoLC)fst01234953</subfield></datafield><datafield ind1=" " ind2="7" tag="655"><subfield code="a">Newspapers.</subfield><subfield code="2">fast</subfield><subfield code="0">(OCoLC)fst01423814</subfield></datafield><datafield ind1="1" ind2=" " tag="700"><subfield code="a">Morris, George Pope,</subfield><subfield code="d">1802-1864.</subfield></datafield><datafield ind1="1" ind2=" " tag="700"><subfield code="a">Willis, Nathaniel Parker,</subfield><subfield code="d">1806-1867.</subfield></datafield><datafield ind1=" " ind2=" " tag="752"><subfield code="a">United States</subfield><subfield code="b">New York</subfield><subfield code="c">New York</subfield><subfield code="d">New York.</subfield></datafield><datafield ind1="1" ind2=" " tag="776"><subfield code="c">Original</subfield><subfield code="w">(DLC)sn 83030582</subfield><subfield code="w">(OCoLC)9632694</subfield></datafield><datafield ind1="0" ind2="0" tag="780"><subfield code="t">Morris's national press</subfield><subfield code="w">(DLC)sf 89090769</subfield><subfield code="w">(OCoLC)10341911</subfield></datafield><datafield ind1="0" ind2="0" tag="785"><subfield code="t">Town &amp; country (New York, N.Y.)</subfield><subfield code="w">(DLC)sf 88091495</subfield><subfield code="w">(OCoLC)5503648</subfield></datafield><datafield ind1=" " ind2="0" tag="830"><subfield code="a">American periodical series, 1800-1850 ;</subfield><subfield code="v">1948-1950.</subfield></datafield></record>